<record xmlns="http://www.openarchives.org/OAI/2.0/" xmlns:xsi="http://www.w3.org/2001/XMLSchema-instance"><header><identifier>oai:alma.34CSIC_INST:990012275200204201</identifier><datestamp>2020-02-06T08:41:03Z</datestamp><setSpec>manuscripta</setSpec></header><metadata><record xmlns="http://www.loc.gov/MARC21/slim" xmlns:xsi="http://www.w3.org/2001/XMLSchema-instance" xsi:schemaLocation="http://www.loc.gov/MARC21/slim http://www.loc.gov/standards/marcxml/schema/MARC21slim.xsd"><leader>04071ntm a2200529 i 4500</leader><controlfield tag="005">20181031100342.0</controlfield><controlfield tag="008">100331q1500    sp            000 0 ara d</controlfield><controlfield tag="001">990012275200204201</controlfield><datafield tag="035" ind1=" " ind2=" "><subfield code="a">CSIC001227520</subfield></datafield><datafield tag="035" ind1=" " ind2=" "><subfield code="a">(ES-MaCSI)001227520MAD01-Aleph</subfield></datafield><datafield tag="035" ind1=" " ind2=" "><subfield code="a">(OCoLC)1123691137
</subfield></datafield><datafield tag="040" ind1=" " ind2=" "><subfield code="a">ES-MaCSI</subfield><subfield code="b">spa</subfield></datafield><datafield tag="080" ind1=" " ind2=" "><subfield code="a">091(=411.21)</subfield></datafield><datafield tag="080" ind1=" " ind2=" "><subfield code="a">28-23</subfield></datafield><datafield tag="240" ind1="1" ind2="0"><subfield code="a">Corán</subfield></datafield><datafield tag="245" ind1="1" ind2="0"><subfield code="a">[Corán]</subfield><subfield code="h">[Manuscrito]</subfield></datafield><datafield tag="260" ind1=" " ind2=" "><subfield code="a">[S.l.],</subfield><subfield code="c">[s.a.].</subfield></datafield><datafield tag="300" ind1=" " ind2=" "><subfield code="a">128 ff. (12 líneas por pág., en una sola columna) :</subfield><subfield code="b">papel ;</subfield><subfield code="c">200 x 148 mm. Caja: 145 x 95 mm.</subfield></datafield><datafield tag="490" ind1="0" ind2=" "><subfield code="a">Manuscripta</subfield></datafield><datafield tag="500" ind1=" " ind2=" "><subfield code="a">Incipit: [Basmala. Probablemente de inserción posterior.] ص وَالْقُرْآنِ ذِي الذِّكْرِ</subfield></datafield><datafield tag="500" ind1=" " ind2=" "><subfield code="a">فَبِأَيِّ حَدِيثٍ بَعْدَهُ يُؤْمِنُونَ: Explicit</subfield></datafield><datafield tag="500" ind1=" " ind2=" "><subfield code="a">Tinta negra, vocalización en rojo. Para títulos, amarillo y rojo. Para ilustraciones, amarillo, rojo y negro.</subfield></datafield><datafield tag="500" ind1=" " ind2=" "><subfield code="a">Copista: Desconocido</subfield></datafield><datafield tag="500" ind1=" " ind2=" "><subfield code="a">Colofón: No</subfield></datafield><datafield tag="500" ind1=" " ind2=" "><subfield code="a">Ilustración: Títulos de azoras en rojo y amarillo. Cajetín con cenefas doradas y que enmarca el título de la azora (f. 1v). Cenefa al final de la copia del texto, sin colorear (f. 137r).</subfield></datafield><datafield tag="500" ind1=" " ind2=" "><subfield code="a">Tipo de cuaderno: 10 sexternos y 1 quinión.</subfield></datafield><datafield tag="500" ind1=" " ind2=" "><subfield code="a">Deterioros: Esquina inferior externa restaurada parece que en época temprana; también se ve afectada por las manchas profundas de humedad. Gran mancha de humedad ocupa la parte central de los últimos 50 bifolios. Se ha perdido prácticamente el pliegue de los últimos cuadernos por esta razón. Restauración también del lateral externo de la hoja (ff. 120-137). Galerías de insectos (ff. 128-137).</subfield></datafield><datafield tag="500" ind1=" " ind2=" "><subfield code="a">H. en blanco: 1r, 137v.</subfield></datafield><datafield tag="500" ind1=" " ind2=" "><subfield code="a">Foliación: Moderna, a lápiz, en margen izquierdo del recto. Errores de foliación: salto del f. 68 a 79. Se repite f. 135.</subfield></datafield><datafield tag="500" ind1=" " ind2=" "><subfield code="a">Reclamos: Esquina inferior izquierda, o en el centro del margen inferior, del verso del último folio del cuaderno. Excepción: 91v.</subfield></datafield><datafield tag="500" ind1=" " ind2=" "><subfield code="a">Pautado: No se aprecia, pero gran regularidad.</subfield></datafield><datafield tag="500" ind1=" " ind2=" "><subfield code="a">Filigrana: Mano con estrella.</subfield></datafield><datafield tag="500" ind1=" " ind2=" "><subfield code="a">Anotaciones: En un solo caso: 127r.</subfield></datafield><datafield tag="500" ind1=" " ind2=" "><subfield code="a">Signatura antigua: Junta 16</subfield></datafield><datafield tag="510" ind1="3" ind2=" "><subfield code="a">Descripción: Julián Ribera y Miguel Asín, Manuscritos árabes y aljamiados de la Biblioteca de la Junta, Madrid, Junta para Ampliación de Estudios e Investigaciones Científicas, 1912.</subfield></datafield><datafield tag="520" ind1=" " ind2=" "><subfield code="a">Azoras 38-77; falta la 53.</subfield></datafield><datafield tag="530" ind1=" " ind2=" "><subfield code="a">María Pilar Martínez Olmo, Colección de manuscritos árabes y aljamiados de la Biblioteca del Instituto de Filología del CSIC [recurso electrónico]: los manuscritos de la Junta, Madrid, CSIC, 1998, 4 Cd-Rom.</subfield></datafield><datafield tag="541" ind1=" " ind2=" "><subfield code="a">Procedencia: Almonacid de la Sierra (Aragón).</subfield></datafield><datafield tag="546" ind1=" " ind2=" "><subfield code="a">Arabe</subfield><subfield code="b">con escritura magrebí</subfield></datafield><datafield tag="563" ind1=" " ind2=" "><subfield code="a">Tan solo se conserva la tela interior de lo que fue la encuadernación, a la que están pegados algunos trozos de papel (probablemente el cartón que conformaría la tapa). Se conserva un fragmento de cuero marrón oscuro dentro del volumen, probablemente el único testimonio de lo que fue la encuadernación original.</subfield></datafield><datafield tag="594" ind1=" " ind2="1"><subfield code="a">Sin tít., responsabilidad desconocida</subfield></datafield><datafield tag="630" ind1="0" ind2="7"><subfield code="a">Corán.</subfield><subfield code="2">CSICAU</subfield></datafield><datafield tag="650" ind1=" " ind2="7"><subfield code="a">Manuscritos árabes.</subfield><subfield code="2">CSICAU</subfield></datafield><datafield tag="650" ind1=" " ind2="7"><subfield code="a">Manuscritos aljamiados.</subfield><subfield code="2">CSICAU</subfield></datafield><datafield tag="830" ind1=" " ind2="0"><subfield code="a">Manuscripta</subfield></datafield><datafield tag="856" ind1="4" ind2="1"><subfield code="u">http://aleph.csic.es/imagenes/mad01/0006_PMSC/P_001227520_650913_V00.pdf</subfield><subfield code="z">Descargar Pdf completo (12M)</subfield><subfield code="m">CSIC</subfield></datafield><datafield tag="856" ind1="4" ind2="1"><subfield code="u">http://simurg.bibliotecas.csic.es/viewer/image/CSIC001227520/1/</subfield><subfield code="z">Ver texto completo en SIMURG, el portal de fondos digitalizados del CSIC</subfield><subfield code="m">CSIC</subfield></datafield><datafield tag="856" ind1="4" ind2="1"><subfield code="u">http://aleph.csic.es/imagenes/mad01/0006_PMSC/html/001227520.html</subfield><subfield code="z">Ver texto completo en Bookreader</subfield></datafield></record></metadata></record>